%YAML 1.1
%TAG !u! tag:unity3d.com,2011:
--- !u!135 &2419476232905046071
SphereCollider:
  m_ObjectHideFlags: 0
  m_CorrespondingSourceObject: {fileID: 0}
  m_PrefabInstance: {fileID: 0}
  m_PrefabAsset: {fileID: 0}
  m_GameObject: {fileID: 3693324776556180528}
  m_Material: {fileID: 0}
  m_IsTrigger: 1
  m_Enabled: 1
  serializedVersion: 2
  m_Radius: 0.2
  m_Center: {x: 0, y: 0, z: 0}
--- !u!114 &7013427622677994892
MonoBehaviour:
  m_ObjectHideFlags: 0
  m_CorrespondingSourceObject: {fileID: 0}
  m_PrefabInstance: {fileID: 0}
  m_PrefabAsset: {fileID: 0}
  m_GameObject: {fileID: 3693324776556180528}
  m_Enabled: 1
  m_EditorHideFlags: 0
  m_Script: {fileID: 11500000, guid: 3fa0d1de5dec89d4b80beb82fb04c637, type: 3}
  m_Name: 
  m_EditorClassIdentifier: 
  vrPlayArea: {fileID: 3693324776556179672}
--- !u!1 &3693324775265766193
GameObject:
  m_ObjectHideFlags: 0
  m_CorrespondingSourceObject: {fileID: 0}
  m_PrefabInstance: {fileID: 0}
  m_PrefabAsset: {fileID: 0}
  serializedVersion: 6
  m_Component:
  - component: {fileID: 3693324775265766192}
  m_Layer: 0
  m_Name: VRTK-Player
  m_TagString: Untagged
  m_Icon: {fileID: 0}
  m_NavMeshLayer: 0
  m_StaticEditorFlags: 0
  m_IsActive: 1
--- !u!4 &3693324775265766192
Transform:
  m_ObjectHideFlags: 0
  m_CorrespondingSourceObject: {fileID: 0}
  m_PrefabInstance: {fileID: 0}
  m_PrefabAsset: {fileID: 0}
  m_GameObject: {fileID: 3693324775265766193}
  m_LocalRotation: {x: 0, y: 0, z: 0, w: 1}
  m_LocalPosition: {x: 0, y: 0, z: 0}
  m_LocalScale: {x: 1, y: 1, z: 1}
  m_Children:
  - {fileID: 3693324776556180321}
  - {fileID: 8102357323537156555}
  - {fileID: 2348981183517118760}
  - {fileID: 5893030628658664108}
  m_Father: {fileID: 0}
  m_RootOrder: 0
  m_LocalEulerAnglesHint: {x: 0, y: 0, z: 0}
--- !u!135 &943963161
SphereCollider:
  m_ObjectHideFlags: 0
  m_CorrespondingSourceObject: {fileID: 0}
  m_PrefabInstance: {fileID: 0}
  m_PrefabAsset: {fileID: 0}
  m_GameObject: {fileID: 3693324776556180958}
  m_Material: {fileID: 0}
  m_IsTrigger: 1
  m_Enabled: 1
  serializedVersion: 2
  m_Radius: 0.2
  m_Center: {x: 0, y: 0, z: 0}
--- !u!114 &943963160
MonoBehaviour:
  m_ObjectHideFlags: 0
  m_CorrespondingSourceObject: {fileID: 0}
  m_PrefabInstance: {fileID: 0}
  m_PrefabAsset: {fileID: 0}
  m_GameObject: {fileID: 3693324776556180958}
  m_Enabled: 1
  m_EditorHideFlags: 0
  m_Script: {fileID: 11500000, guid: 3fa0d1de5dec89d4b80beb82fb04c637, type: 3}
  m_Name: 
  m_EditorClassIdentifier: 
  vrPlayArea: {fileID: 3693324776556179937}
--- !u!114 &1731818666
MonoBehaviour:
  m_ObjectHideFlags: 0
  m_CorrespondingSourceObject: {fileID: 0}
  m_PrefabInstance: {fileID: 0}
  m_PrefabAsset: {fileID: 0}
  m_GameObject: {fileID: 3693324776556180958}
  m_Enabled: 1
  m_EditorHideFlags: 0
  m_Script: {fileID: 11500000, guid: 6bca9ccf900ccc84c887d783321d27e2, type: 3}
  m_Name: 
  m_EditorClassIdentifier: 
  _head: {fileID: 3693324776556179936}
  _ears: {fileID: 3693324776556179951}
  wireframe: 0
--- !u!114 &1943159561
MonoBehaviour:
  m_ObjectHideFlags: 0
  m_CorrespondingSourceObject: {fileID: 0}
  m_PrefabInstance: {fileID: 0}
  m_PrefabAsset: {fileID: 0}
  m_GameObject: {fileID: 3693324776556180946}
  m_Enabled: 0
  m_EditorHideFlags: 0
  m_Script: {fileID: 11500000, guid: fdf09a73392f84c44894fa85aac265a6, type: 3}
  m_Name: 
  m_EditorClassIdentifier: 
  movingObject: {fileID: 3693324776556179950}
  counterObject: {fileID: 3693324776556179937}
--- !u!114 &8063558198469025024
MonoBehaviour:
  m_ObjectHideFlags: 0
  m_CorrespondingSourceObject: {fileID: 0}
  m_PrefabInstance: {fileID: 0}
  m_PrefabAsset: {fileID: 0}
  m_GameObject: {fileID: 8102357323372664149}
  m_Enabled: 1
  m_EditorHideFlags: 0
  m_Script: {fileID: 11500000, guid: 0f07be1d20c449b4e919f3e1aeacdcb9, type: 3}
  m_Name: 
  m_EditorClassIdentifier: 
--- !u!114 &6373786150874857577
MonoBehaviour:
  m_ObjectHideFlags: 0
  m_CorrespondingSourceObject: {fileID: 0}
  m_PrefabInstance: {fileID: 0}
  m_PrefabAsset: {fileID: 0}
  m_GameObject: {fileID: 8102357324122209818}
  m_Enabled: 1
  m_EditorHideFlags: 0
  m_Script: {fileID: 11500000, guid: 0f07be1d20c449b4e919f3e1aeacdcb9, type: 3}
  m_Name: 
  m_EditorClassIdentifier: 
--- !u!1001 &3693324775250951961
PrefabInstance:
  m_ObjectHideFlags: 0
  serializedVersion: 2
  m_Modification:
    m_TransformParent: {fileID: 3693324775265766192}
    m_Modifications:
    - target: {fileID: 4841378800925996753, guid: 73eeee99c6f1f324993af32d2d77f64c,
        type: 3}
      propertyPath: m_Name
      value: '[VRTK_Scripts]'
      objectReference: {fileID: 0}
    - target: {fileID: 4841378800925996754, guid: 73eeee99c6f1f324993af32d2d77f64c,
        type: 3}
      propertyPath: m_LocalPosition.x
      value: 0
      objectReference: {fileID: 0}
    - target: {fileID: 4841378800925996754, guid: 73eeee99c6f1f324993af32d2d77f64c,
        type: 3}
      propertyPath: m_LocalPosition.y
      value: 0
      objectReference: {fileID: 0}
    - target: {fileID: 4841378800925996754, guid: 73eeee99c6f1f324993af32d2d77f64c,
        type: 3}
      propertyPath: m_LocalPosition.z
      value: 0
      objectReference: {fileID: 0}
    - target: {fileID: 4841378800925996754, guid: 73eeee99c6f1f324993af32d2d77f64c,
        type: 3}
      propertyPath: m_LocalRotation.x
      value: -0
      objectReference: {fileID: 0}
    - target: {fileID: 4841378800925996754, guid: 73eeee99c6f1f324993af32d2d77f64c,
        type: 3}
      propertyPath: m_LocalRotation.y
      value: -0
      objectReference: {fileID: 0}
    - target: {fileID: 4841378800925996754, guid: 73eeee99c6f1f324993af32d2d77f64c,
        type: 3}
      propertyPath: m_LocalRotation.z
      value: -0
      objectReference: {fileID: 0}
    - target: {fileID: 4841378800925996754, guid: 73eeee99c6f1f324993af32d2d77f64c,
        type: 3}
      propertyPath: m_LocalRotation.w
      value: 1
      objectReference: {fileID: 0}
    - target: {fileID: 4841378800925996754, guid: 73eeee99c6f1f324993af32d2d77f64c,
        type: 3}
      propertyPath: m_RootOrder
      value: 1
      objectReference: {fileID: 0}
    - target: {fileID: 4841378800925996754, guid: 73eeee99c6f1f324993af32d2d77f64c,
        type: 3}
      propertyPath: m_LocalEulerAnglesHint.x
      value: 0
      objectReference: {fileID: 0}
    - target: {fileID: 4841378800925996754, guid: 73eeee99c6f1f324993af32d2d77f64c,
        type: 3}
      propertyPath: m_LocalEulerAnglesHint.y
      value: 0
      objectReference: {fileID: 0}
    - target: {fileID: 4841378800925996754, guid: 73eeee99c6f1f324993af32d2d77f64c,
        type: 3}
      propertyPath: m_LocalEulerAnglesHint.z
      value: 0
      objectReference: {fileID: 0}
    - target: {fileID: 4841378799546460748, guid: 73eeee99c6f1f324993af32d2d77f64c,
        type: 3}
      propertyPath: m_TagString
      value: Controller
      objectReference: {fileID: 0}
    - target: {fileID: 4841378800441606403, guid: 73eeee99c6f1f324993af32d2d77f64c,
        type: 3}
      propertyPath: m_TagString
      value: Controller
      objectReference: {fileID: 0}
    - target: {fileID: 878185420125366147, guid: 73eeee99c6f1f324993af32d2d77f64c,
        type: 3}
      propertyPath: highlightColor.r
      value: 0.3764706
      objectReference: {fileID: 0}
    - target: {fileID: 878185420125366147, guid: 73eeee99c6f1f324993af32d2d77f64c,
        type: 3}
      propertyPath: highlightColor.g
      value: 1
      objectReference: {fileID: 0}
    - target: {fileID: 7876634630788150486, guid: 73eeee99c6f1f324993af32d2d77f64c,
        type: 3}
      propertyPath: m_Enabled
      value: 0
      objectReference: {fileID: 0}
    - target: {fileID: 5765006716348227222, guid: 73eeee99c6f1f324993af32d2d77f64c,
        type: 3}
      propertyPath: m_Enabled
      value: 0
      objectReference: {fileID: 0}
    m_RemovedComponents: []
  m_SourcePrefab: {fileID: 100100000, guid: 73eeee99c6f1f324993af32d2d77f64c, type: 3}
--- !u!4 &8102357323537156555 stripped
Transform:
  m_CorrespondingSourceObject: {fileID: 4841378800925996754, guid: 73eeee99c6f1f324993af32d2d77f64c,
    type: 3}
  m_PrefabInstance: {fileID: 3693324775250951961}
  m_PrefabAsset: {fileID: 0}
--- !u!1 &8102357323372664149 stripped
GameObject:
  m_CorrespondingSourceObject: {fileID: 4841378799546460748, guid: 73eeee99c6f1f324993af32d2d77f64c,
    type: 3}
  m_PrefabInstance: {fileID: 3693324775250951961}
  m_PrefabAsset: {fileID: 0}
--- !u!114 &8102357323372664151 stripped
MonoBehaviour:
  m_CorrespondingSourceObject: {fileID: 4841378799546460750, guid: 73eeee99c6f1f324993af32d2d77f64c,
    type: 3}
  m_PrefabInstance: {fileID: 3693324775250951961}
  m_PrefabAsset: {fileID: 0}
  m_GameObject: {fileID: 8102357323372664149}
  m_Enabled: 1
  m_EditorHideFlags: 0
  m_Script: {fileID: 11500000, guid: eba3cd5456cd79e49948f5ceb58544b4, type: 3}
  m_Name: 
  m_EditorClassIdentifier: 
--- !u!1 &8102357324122209818 stripped
GameObject:
  m_CorrespondingSourceObject: {fileID: 4841378800441606403, guid: 73eeee99c6f1f324993af32d2d77f64c,
    type: 3}
  m_PrefabInstance: {fileID: 3693324775250951961}
  m_PrefabAsset: {fileID: 0}
--- !u!114 &8102357324122209812 stripped
MonoBehaviour:
  m_CorrespondingSourceObject: {fileID: 4841378800441606413, guid: 73eeee99c6f1f324993af32d2d77f64c,
    type: 3}
  m_PrefabInstance: {fileID: 3693324775250951961}
  m_PrefabAsset: {fileID: 0}
  m_GameObject: {fileID: 8102357324122209818}
  m_Enabled: 1
  m_EditorHideFlags: 0
  m_Script: {fileID: 11500000, guid: eba3cd5456cd79e49948f5ceb58544b4, type: 3}
  m_Name: 
  m_EditorClassIdentifier: 
--- !u!1001 &3693324776556181030
PrefabInstance:
  m_ObjectHideFlags: 0
  serializedVersion: 2
  m_Modification:
    m_TransformParent: {fileID: 3693324775265766192}
    m_Modifications:
    - target: {fileID: 8715398657510186575, guid: d31080daa69778347abcdea18ec1b7ca,
        type: 3}
      propertyPath: m_Name
      value: '[VRTK_SDKManager]'
      objectReference: {fileID: 0}
    - target: {fileID: 727857899956861878, guid: d31080daa69778347abcdea18ec1b7ca,
        type: 3}
      propertyPath: m_LocalPosition.x
      value: 0
      objectReference: {fileID: 0}
    - target: {fileID: 727857899956861878, guid: d31080daa69778347abcdea18ec1b7ca,
        type: 3}
      propertyPath: m_LocalPosition.y
      value: 0
      objectReference: {fileID: 0}
    - target: {fileID: 727857899956861878, guid: d31080daa69778347abcdea18ec1b7ca,
        type: 3}
      propertyPath: m_LocalPosition.z
      value: 0
      objectReference: {fileID: 0}
    - target: {fileID: 727857899956861878, guid: d31080daa69778347abcdea18ec1b7ca,
        type: 3}
      propertyPath: m_LocalRotation.x
      value: -0
      objectReference: {fileID: 0}
    - target: {fileID: 727857899956861878, guid: d31080daa69778347abcdea18ec1b7ca,
        type: 3}
      propertyPath: m_LocalRotation.y
      value: -0
      objectReference: {fileID: 0}
    - target: {fileID: 727857899956861878, guid: d31080daa69778347abcdea18ec1b7ca,
        type: 3}
      propertyPath: m_LocalRotation.z
      value: -0
      objectReference: {fileID: 0}
    - target: {fileID: 727857899956861878, guid: d31080daa69778347abcdea18ec1b7ca,
        type: 3}
      propertyPath: m_LocalRotation.w
      value: 1
      objectReference: {fileID: 0}
    - target: {fileID: 727857899956861878, guid: d31080daa69778347abcdea18ec1b7ca,
        type: 3}
      propertyPath: m_RootOrder
      value: 0
      objectReference: {fileID: 0}
    - target: {fileID: 727857899956861878, guid: d31080daa69778347abcdea18ec1b7ca,
        type: 3}
      propertyPath: m_LocalEulerAnglesHint.x
      value: 0
      objectReference: {fileID: 0}
    - target: {fileID: 727857899956861878, guid: d31080daa69778347abcdea18ec1b7ca,
        type: 3}
      propertyPath: m_LocalEulerAnglesHint.y
      value: 0
      objectReference: {fileID: 0}
    - target: {fileID: 727857899956861878, guid: d31080daa69778347abcdea18ec1b7ca,
        type: 3}
      propertyPath: m_LocalEulerAnglesHint.z
      value: 0
      objectReference: {fileID: 0}
    - target: {fileID: 7044638805334416099, guid: d31080daa69778347abcdea18ec1b7ca,
        type: 3}
      propertyPath: scriptAliasLeftController
      value: 
      objectReference: {fileID: 8102357323372664149}
    - target: {fileID: 7044638805334416099, guid: d31080daa69778347abcdea18ec1b7ca,
        type: 3}
      propertyPath: scriptAliasRightController
      value: 
      objectReference: {fileID: 8102357324122209818}
    - target: {fileID: 4619435534416387482, guid: d31080daa69778347abcdea18ec1b7ca,
        type: 3}
      propertyPath: m_IsActive
      value: 0
      objectReference: {fileID: 0}
    - target: {fileID: 8240098612638315947, guid: d31080daa69778347abcdea18ec1b7ca,
        type: 3}
      propertyPath: m_AnchorMin.y
      value: 1
      objectReference: {fileID: 0}
    - target: {fileID: 8240098612638315947, guid: d31080daa69778347abcdea18ec1b7ca,
        type: 3}
      propertyPath: m_AnchorMax.y
      value: 1
      objectReference: {fileID: 0}
    - target: {fileID: 8240098612638315947, guid: d31080daa69778347abcdea18ec1b7ca,
        type: 3}
      propertyPath: m_AnchoredPosition.x
      value: 815
      objectReference: {fileID: 0}
    - target: {fileID: 8240098612638315947, guid: d31080daa69778347abcdea18ec1b7ca,
        type: 3}
      propertyPath: m_AnchoredPosition.y
      value: -70
      objectReference: {fileID: 0}
    - target: {fileID: 8240098612638315947, guid: d31080daa69778347abcdea18ec1b7ca,
        type: 3}
      propertyPath: m_SizeDelta.x
      value: 142
      objectReference: {fileID: 0}
    - target: {fileID: 8240098612638315947, guid: d31080daa69778347abcdea18ec1b7ca,
        type: 3}
      propertyPath: m_SizeDelta.y
      value: 120
      objectReference: {fileID: 0}
    - target: {fileID: 5642356671932384266, guid: d31080daa69778347abcdea18ec1b7ca,
        type: 3}
      propertyPath: actualBoundaries
      value: 
      objectReference: {fileID: 0}
    - target: {fileID: 5642356671932384266, guid: d31080daa69778347abcdea18ec1b7ca,
        type: 3}
      propertyPath: actualHeadset
      value: 
      objectReference: {fileID: 0}
    - target: {fileID: 5642356671932384266, guid: d31080daa69778347abcdea18ec1b7ca,
        type: 3}
      propertyPath: actualLeftController
      value: 
      objectReference: {fileID: 0}
    - target: {fileID: 5642356671932384266, guid: d31080daa69778347abcdea18ec1b7ca,
        type: 3}
      propertyPath: actualRightController
      value: 
      objectReference: {fileID: 0}
    - target: {fileID: 5642356671932384266, guid: d31080daa69778347abcdea18ec1b7ca,
        type: 3}
      propertyPath: modelAliasLeftController
      value: 
      objectReference: {fileID: 0}
    - target: {fileID: 5642356671932384266, guid: d31080daa69778347abcdea18ec1b7ca,
        type: 3}
      propertyPath: modelAliasRightController
      value: 
      objectReference: {fileID: 0}
    - target: {fileID: 1698373215199060897, guid: d31080daa69778347abcdea18ec1b7ca,
        type: 3}
      propertyPath: m_AnchorMin.y
      value: 1
      objectReference: {fileID: 0}
    - target: {fileID: 1698373215199060897, guid: d31080daa69778347abcdea18ec1b7ca,
        type: 3}
      propertyPath: m_AnchorMax.y
      value: 1
      objectReference: {fileID: 0}
    - target: {fileID: 1698373215199060897, guid: d31080daa69778347abcdea18ec1b7ca,
        type: 3}
      propertyPath: m_AnchoredPosition.x
      value: 71
      objectReference: {fileID: 0}
    - target: {fileID: 1698373215199060897, guid: d31080daa69778347abcdea18ec1b7ca,
        type: 3}
      propertyPath: m_AnchoredPosition.y
      value: -25.5
      objectReference: {fileID: 0}
    - target: {fileID: 1698373215199060897, guid: d31080daa69778347abcdea18ec1b7ca,
        type: 3}
      propertyPath: m_SizeDelta.x
      value: 124
      objectReference: {fileID: 0}
    - target: {fileID: 1698373215199060897, guid: d31080daa69778347abcdea18ec1b7ca,
        type: 3}
      propertyPath: m_SizeDelta.y
      value: 41
      objectReference: {fileID: 0}
    - target: {fileID: 5980315410214756789, guid: d31080daa69778347abcdea18ec1b7ca,
        type: 3}
      propertyPath: m_AnchorMin.y
      value: 1
      objectReference: {fileID: 0}
    - target: {fileID: 5980315410214756789, guid: d31080daa69778347abcdea18ec1b7ca,
        type: 3}
      propertyPath: m_AnchorMax.y
      value: 1
      objectReference: {fileID: 0}
    - target: {fileID: 5980315410214756789, guid: d31080daa69778347abcdea18ec1b7ca,
        type: 3}
      propertyPath: m_AnchoredPosition.x
      value: 71
      objectReference: {fileID: 0}
    - target: {fileID: 5980315410214756789, guid: d31080daa69778347abcdea18ec1b7ca,
        type: 3}
      propertyPath: m_AnchoredPosition.y
      value: -82
      objectReference: {fileID: 0}
    - target: {fileID: 5980315410214756789, guid: d31080daa69778347abcdea18ec1b7ca,
        type: 3}
      propertyPath: m_SizeDelta.x
      value: 132
      objectReference: {fileID: 0}
    - target: {fileID: 5980315410214756789, guid: d31080daa69778347abcdea18ec1b7ca,
        type: 3}
      propertyPath: m_SizeDelta.y
      value: 66
      objectReference: {fileID: 0}
    - target: {fileID: 676565810334346850, guid: d31080daa69778347abcdea18ec1b7ca,
        type: 3}
      propertyPath: m_AnchorMin.y
      value: 1
      objectReference: {fileID: 0}
    - target: {fileID: 676565810334346850, guid: d31080daa69778347abcdea18ec1b7ca,
        type: 3}
      propertyPath: m_AnchorMax.y
      value: 1
      objectReference: {fileID: 0}
    - target: {fileID: 676565810334346850, guid: d31080daa69778347abcdea18ec1b7ca,
        type: 3}
      propertyPath: m_AnchoredPosition.x
      value: 66
      objectReference: {fileID: 0}
    - target: {fileID: 676565810334346850, guid: d31080daa69778347abcdea18ec1b7ca,
        type: 3}
      propertyPath: m_AnchoredPosition.y
      value: -8
      objectReference: {fileID: 0}
    - target: {fileID: 676565810334346850, guid: d31080daa69778347abcdea18ec1b7ca,
        type: 3}
      propertyPath: m_SizeDelta.x
      value: 132
      objectReference: {fileID: 0}
    - target: {fileID: 676565810334346850, guid: d31080daa69778347abcdea18ec1b7ca,
        type: 3}
      propertyPath: m_SizeDelta.y
      value: 16
      objectReference: {fileID: 0}
    - target: {fileID: 8114901924369859874, guid: d31080daa69778347abcdea18ec1b7ca,
        type: 3}
      propertyPath: m_AnchorMin.y
      value: 1
      objectReference: {fileID: 0}
    - target: {fileID: 8114901924369859874, guid: d31080daa69778347abcdea18ec1b7ca,
        type: 3}
      propertyPath: m_AnchorMax.y
      value: 1
      objectReference: {fileID: 0}
    - target: {fileID: 8114901924369859874, guid: d31080daa69778347abcdea18ec1b7ca,
        type: 3}
      propertyPath: m_AnchoredPosition.x
      value: 66
      objectReference: {fileID: 0}
    - target: {fileID: 8114901924369859874, guid: d31080daa69778347abcdea18ec1b7ca,
        type: 3}
      propertyPath: m_AnchoredPosition.y
      value: -30
      objectReference: {fileID: 0}
    - target: {fileID: 8114901924369859874, guid: d31080daa69778347abcdea18ec1b7ca,
        type: 3}
      propertyPath: m_SizeDelta.x
      value: 132
      objectReference: {fileID: 0}
    - target: {fileID: 8114901924369859874, guid: d31080daa69778347abcdea18ec1b7ca,
        type: 3}
      propertyPath: m_SizeDelta.y
      value: 22
      objectReference: {fileID: 0}
    - target: {fileID: 6968558680670552283, guid: d31080daa69778347abcdea18ec1b7ca,
        type: 3}
      propertyPath: m_AnchorMin.y
      value: 1
      objectReference: {fileID: 0}
    - target: {fileID: 6968558680670552283, guid: d31080daa69778347abcdea18ec1b7ca,
        type: 3}
      propertyPath: m_AnchorMax.y
      value: 1
      objectReference: {fileID: 0}
    - target: {fileID: 6968558680670552283, guid: d31080daa69778347abcdea18ec1b7ca,
        type: 3}
      propertyPath: m_AnchoredPosition.x
      value: 62
      objectReference: {fileID: 0}
    - target: {fileID: 6968558680670552283, guid: d31080daa69778347abcdea18ec1b7ca,
        type: 3}
      propertyPath: m_AnchoredPosition.y
      value: -8
      objectReference: {fileID: 0}
    - target: {fileID: 6968558680670552283, guid: d31080daa69778347abcdea18ec1b7ca,
        type: 3}
      propertyPath: m_SizeDelta.x
      value: 121
      objectReference: {fileID: 0}
    - target: {fileID: 6968558680670552283, guid: d31080daa69778347abcdea18ec1b7ca,
        type: 3}
      propertyPath: m_SizeDelta.y
      value: 16
      objectReference: {fileID: 0}
    - target: {fileID: 5888435378567408072, guid: d31080daa69778347abcdea18ec1b7ca,
        type: 3}
      propertyPath: m_AnchorMin.y
      value: 1
      objectReference: {fileID: 0}
    - target: {fileID: 5888435378567408072, guid: d31080daa69778347abcdea18ec1b7ca,
        type: 3}
      propertyPath: m_AnchorMax.y
      value: 1
      objectReference: {fileID: 0}
    - target: {fileID: 5888435378567408072, guid: d31080daa69778347abcdea18ec1b7ca,
        type: 3}
      propertyPath: m_AnchoredPosition.x
      value: 66
      objectReference: {fileID: 0}
    - target: {fileID: 5888435378567408072, guid: d31080daa69778347abcdea18ec1b7ca,
        type: 3}
      propertyPath: m_AnchoredPosition.y
      value: -55
      objectReference: {fileID: 0}
    - target: {fileID: 5888435378567408072, guid: d31080daa69778347abcdea18ec1b7ca,
        type: 3}
      propertyPath: m_SizeDelta.x
      value: 132
      objectReference: {fileID: 0}
    - target: {fileID: 5888435378567408072, guid: d31080daa69778347abcdea18ec1b7ca,
        type: 3}
      propertyPath: m_SizeDelta.y
      value: 22
      objectReference: {fileID: 0}
    - target: {fileID: 4892260268187250170, guid: d31080daa69778347abcdea18ec1b7ca,
        type: 3}
      propertyPath: m_AnchorMin.y
      value: 1
      objectReference: {fileID: 0}
    - target: {fileID: 4892260268187250170, guid: d31080daa69778347abcdea18ec1b7ca,
        type: 3}
      propertyPath: m_AnchorMax.y
      value: 1
      objectReference: {fileID: 0}
    - target: {fileID: 4892260268187250170, guid: d31080daa69778347abcdea18ec1b7ca,
        type: 3}
      propertyPath: m_AnchoredPosition.x
      value: 62
      objectReference: {fileID: 0}
    - target: {fileID: 4892260268187250170, guid: d31080daa69778347abcdea18ec1b7ca,
        type: 3}
      propertyPath: m_AnchoredPosition.y
      value: -30
      objectReference: {fileID: 0}
    - target: {fileID: 4892260268187250170, guid: d31080daa69778347abcdea18ec1b7ca,
        type: 3}
      propertyPath: m_SizeDelta.x
      value: 124
      objectReference: {fileID: 0}
    - target: {fileID: 4892260268187250170, guid: d31080daa69778347abcdea18ec1b7ca,
        type: 3}
      propertyPath: m_SizeDelta.y
      value: 22
      objectReference: {fileID: 0}
    - target: {fileID: 4122361074409071801, guid: d31080daa69778347abcdea18ec1b7ca,
        type: 3}
      propertyPath: m_AnchorMin.y
      value: 1
      objectReference: {fileID: 0}
    - target: {fileID: 4122361074409071801, guid: d31080daa69778347abcdea18ec1b7ca,
        type: 3}
      propertyPath: m_AnchorMax.y
      value: 1
      objectReference: {fileID: 0}
    - target: {fileID: 4122361074409071801, guid: d31080daa69778347abcdea18ec1b7ca,
        type: 3}
      propertyPath: m_AnchoredPosition.x
      value: 66
      objectReference: {fileID: 0}
    - target: {fileID: 4122361074409071801, guid: d31080daa69778347abcdea18ec1b7ca,
        type: 3}
      propertyPath: m_AnchoredPosition.y
      value: -11
      objectReference: {fileID: 0}
    - target: {fileID: 4122361074409071801, guid: d31080daa69778347abcdea18ec1b7ca,
        type: 3}
      propertyPath: m_SizeDelta.x
      value: 44
      objectReference: {fileID: 0}
    - target: {fileID: 4122361074409071801, guid: d31080daa69778347abcdea18ec1b7ca,
        type: 3}
      propertyPath: m_SizeDelta.y
      value: 16
      objectReference: {fileID: 0}
    - target: {fileID: 159917601355365881, guid: d31080daa69778347abcdea18ec1b7ca,
        type: 3}
      propertyPath: m_AnchorMin.y
      value: 1
      objectReference: {fileID: 0}
    - target: {fileID: 159917601355365881, guid: d31080daa69778347abcdea18ec1b7ca,
        type: 3}
      propertyPath: m_AnchorMax.y
      value: 1
      objectReference: {fileID: 0}
    - target: {fileID: 159917601355365881, guid: d31080daa69778347abcdea18ec1b7ca,
        type: 3}
      propertyPath: m_AnchoredPosition.x
      value: 51
      objectReference: {fileID: 0}
    - target: {fileID: 159917601355365881, guid: d31080daa69778347abcdea18ec1b7ca,
        type: 3}
      propertyPath: m_AnchoredPosition.y
      value: -18
      objectReference: {fileID: 0}
    - target: {fileID: 159917601355365881, guid: d31080daa69778347abcdea18ec1b7ca,
        type: 3}
      propertyPath: m_SizeDelta.x
      value: 82
      objectReference: {fileID: 0}
    - target: {fileID: 159917601355365881, guid: d31080daa69778347abcdea18ec1b7ca,
        type: 3}
      propertyPath: m_SizeDelta.y
      value: 16
      objectReference: {fileID: 0}
    - target: {fileID: 9212980306476563313, guid: d31080daa69778347abcdea18ec1b7ca,
        type: 3}
      propertyPath: m_AnchorMin.y
      value: 1
      objectReference: {fileID: 0}
    - target: {fileID: 9212980306476563313, guid: d31080daa69778347abcdea18ec1b7ca,
        type: 3}
      propertyPath: m_AnchorMax.y
      value: 1
      objectReference: {fileID: 0}
    - target: {fileID: 9212980306476563313, guid: d31080daa69778347abcdea18ec1b7ca,
        type: 3}
      propertyPath: m_AnchoredPosition.x
      value: 62
      objectReference: {fileID: 0}
    - target: {fileID: 9212980306476563313, guid: d31080daa69778347abcdea18ec1b7ca,
        type: 3}
      propertyPath: m_AnchoredPosition.y
      value: -11
      objectReference: {fileID: 0}
    - target: {fileID: 9212980306476563313, guid: d31080daa69778347abcdea18ec1b7ca,
        type: 3}
      propertyPath: m_SizeDelta.x
      value: 114
      objectReference: {fileID: 0}
    - target: {fileID: 9212980306476563313, guid: d31080daa69778347abcdea18ec1b7ca,
        type: 3}
      propertyPath: m_SizeDelta.y
      value: 16
      objectReference: {fileID: 0}
    - target: {fileID: 5681938133680798440, guid: d31080daa69778347abcdea18ec1b7ca,
        type: 3}
      propertyPath: m_AnchorMin.y
      value: 1
      objectReference: {fileID: 0}
    - target: {fileID: 5681938133680798440, guid: d31080daa69778347abcdea18ec1b7ca,
        type: 3}
      propertyPath: m_AnchorMax.y
      value: 1
      objectReference: {fileID: 0}
    - target: {fileID: 5681938133680798440, guid: d31080daa69778347abcdea18ec1b7ca,
        type: 3}
      propertyPath: m_AnchoredPosition.x
      value: 66
      objectReference: {fileID: 0}
    - target: {fileID: 5681938133680798440, guid: d31080daa69778347abcdea18ec1b7ca,
        type: 3}
      propertyPath: m_AnchoredPosition.y
      value: -11
      objectReference: {fileID: 0}
    - target: {fileID: 5681938133680798440, guid: d31080daa69778347abcdea18ec1b7ca,
        type: 3}
      propertyPath: m_SizeDelta.x
      value: 121
      objectReference: {fileID: 0}
    - target: {fileID: 5681938133680798440, guid: d31080daa69778347abcdea18ec1b7ca,
        type: 3}
      propertyPath: m_SizeDelta.y
      value: 16
      objectReference: {fileID: 0}
    - target: {fileID: 1500700209548155817, guid: d31080daa69778347abcdea18ec1b7ca,
        type: 3}
      propertyPath: m_AnchorMin.y
      value: 1
      objectReference: {fileID: 0}
    - target: {fileID: 1500700209548155817, guid: d31080daa69778347abcdea18ec1b7ca,
        type: 3}
      propertyPath: m_AnchorMax.y
      value: 1
      objectReference: {fileID: 0}
    - target: {fileID: 1500700209548155817, guid: d31080daa69778347abcdea18ec1b7ca,
        type: 3}
      propertyPath: m_AnchoredPosition.x
      value: 41
      objectReference: {fileID: 0}
    - target: {fileID: 1500700209548155817, guid: d31080daa69778347abcdea18ec1b7ca,
        type: 3}
      propertyPath: m_AnchoredPosition.y
      value: -8
      objectReference: {fileID: 0}
    - target: {fileID: 1500700209548155817, guid: d31080daa69778347abcdea18ec1b7ca,
        type: 3}
      propertyPath: m_SizeDelta.x
      value: 82
      objectReference: {fileID: 0}
    - target: {fileID: 1500700209548155817, guid: d31080daa69778347abcdea18ec1b7ca,
        type: 3}
      propertyPath: m_SizeDelta.y
      value: 16
      objectReference: {fileID: 0}
    m_RemovedComponents:
    - {fileID: 8016414653618219179, guid: d31080daa69778347abcdea18ec1b7ca, type: 3}
    - {fileID: 5948496177211599528, guid: d31080daa69778347abcdea18ec1b7ca, type: 3}
    - {fileID: 8016414653618195711, guid: d31080daa69778347abcdea18ec1b7ca, type: 3}
  m_SourcePrefab: {fileID: 100100000, guid: d31080daa69778347abcdea18ec1b7ca, type: 3}
--- !u!4 &3693324776556180321 stripped
Transform:
  m_CorrespondingSourceObject: {fileID: 727857899956861878, guid: d31080daa69778347abcdea18ec1b7ca,
    type: 3}
  m_PrefabInstance: {fileID: 3693324776556181030}
  m_PrefabAsset: {fileID: 0}
--- !u!4 &3693324776556179672 stripped
Transform:
  m_CorrespondingSourceObject: {fileID: 5521401925844786625, guid: d31080daa69778347abcdea18ec1b7ca,
    type: 3}
  m_PrefabInstance: {fileID: 3693324776556181030}
  m_PrefabAsset: {fileID: 0}
--- !u!1 &3693324776556180528 stripped
GameObject:
  m_CorrespondingSourceObject: {fileID: 2851545675629410957, guid: d31080daa69778347abcdea18ec1b7ca,
    type: 3}
  m_PrefabInstance: {fileID: 3693324776556181030}
  m_PrefabAsset: {fileID: 0}
--- !u!1 &3693324776556180946 stripped
GameObject:
  m_CorrespondingSourceObject: {fileID: 8016414653624750167, guid: d31080daa69778347abcdea18ec1b7ca,
    type: 3}
  m_PrefabInstance: {fileID: 3693324776556181030}
  m_PrefabAsset: {fileID: 0}
--- !u!4 &3693324776556179937 stripped
Transform:
  m_CorrespondingSourceObject: {fileID: 8016414653625024943, guid: d31080daa69778347abcdea18ec1b7ca,
    type: 3}
  m_PrefabInstance: {fileID: 3693324776556181030}
  m_PrefabAsset: {fileID: 0}
--- !u!1 &3693324776556180947 stripped
GameObject:
  m_CorrespondingSourceObject: {fileID: 8016414653624750955, guid: d31080daa69778347abcdea18ec1b7ca,
    type: 3}
  m_PrefabInstance: {fileID: 3693324776556181030}
  m_PrefabAsset: {fileID: 0}
--- !u!1 &3693324776556180959 stripped
GameObject:
  m_CorrespondingSourceObject: {fileID: 8016414653624802355, guid: d31080daa69778347abcdea18ec1b7ca,
    type: 3}
  m_PrefabInstance: {fileID: 3693324776556181030}
  m_PrefabAsset: {fileID: 0}
--- !u!4 &3693324776556179936 stripped
Transform:
  m_CorrespondingSourceObject: {fileID: 8016414653625013781, guid: d31080daa69778347abcdea18ec1b7ca,
    type: 3}
  m_PrefabInstance: {fileID: 3693324776556181030}
  m_PrefabAsset: {fileID: 0}
--- !u!1 &3693324776556180958 stripped
GameObject:
  m_CorrespondingSourceObject: {fileID: 8016414653624797437, guid: d31080daa69778347abcdea18ec1b7ca,
    type: 3}
  m_PrefabInstance: {fileID: 3693324776556181030}
  m_PrefabAsset: {fileID: 0}
--- !u!4 &3693324776556179950 stripped
Transform:
  m_CorrespondingSourceObject: {fileID: 8016414653625033595, guid: d31080daa69778347abcdea18ec1b7ca,
    type: 3}
  m_PrefabInstance: {fileID: 3693324776556181030}
  m_PrefabAsset: {fileID: 0}
--- !u!4 &3693324776556179951 stripped
Transform:
  m_CorrespondingSourceObject: {fileID: 8016414653625048705, guid: d31080daa69778347abcdea18ec1b7ca,
    type: 3}
  m_PrefabInstance: {fileID: 3693324776556181030}
  m_PrefabAsset: {fileID: 0}
--- !u!1001 &6168176172565705037
PrefabInstance:
  m_ObjectHideFlags: 0
  serializedVersion: 2
  m_Modification:
    m_TransformParent: {fileID: 3693324775265766192}
    m_Modifications:
    - target: {fileID: 311174633594086370, guid: d7734052288a25944bc2efb47075183c,
        type: 3}
      propertyPath: m_Name
      value: PlayerInventar
      objectReference: {fileID: 0}
    - target: {fileID: 311174633594086369, guid: d7734052288a25944bc2efb47075183c,
        type: 3}
      propertyPath: m_LocalPosition.x
      value: 0
      objectReference: {fileID: 0}
    - target: {fileID: 311174633594086369, guid: d7734052288a25944bc2efb47075183c,
        type: 3}
      propertyPath: m_LocalPosition.y
      value: 6.35
      objectReference: {fileID: 0}
    - target: {fileID: 311174633594086369, guid: d7734052288a25944bc2efb47075183c,
        type: 3}
      propertyPath: m_LocalPosition.z
      value: 0
      objectReference: {fileID: 0}
    - target: {fileID: 311174633594086369, guid: d7734052288a25944bc2efb47075183c,
        type: 3}
      propertyPath: m_LocalRotation.x
      value: 0
      objectReference: {fileID: 0}
    - target: {fileID: 311174633594086369, guid: d7734052288a25944bc2efb47075183c,
        type: 3}
      propertyPath: m_LocalRotation.y
      value: 0
      objectReference: {fileID: 0}
    - target: {fileID: 311174633594086369, guid: d7734052288a25944bc2efb47075183c,
        type: 3}
      propertyPath: m_LocalRotation.z
      value: 0
      objectReference: {fileID: 0}
    - target: {fileID: 311174633594086369, guid: d7734052288a25944bc2efb47075183c,
        type: 3}
      propertyPath: m_LocalRotation.w
      value: 1
      objectReference: {fileID: 0}
    - target: {fileID: 311174633594086369, guid: d7734052288a25944bc2efb47075183c,
        type: 3}
      propertyPath: m_RootOrder
      value: 3
      objectReference: {fileID: 0}
    - target: {fileID: 311174633594086369, guid: d7734052288a25944bc2efb47075183c,
        type: 3}
      propertyPath: m_LocalEulerAnglesHint.x
      value: 0
      objectReference: {fileID: 0}
    - target: {fileID: 311174633594086369, guid: d7734052288a25944bc2efb47075183c,
        type: 3}
      propertyPath: m_LocalEulerAnglesHint.y
      value: 0
      objectReference: {fileID: 0}
    - target: {fileID: 311174633594086369, guid: d7734052288a25944bc2efb47075183c,
        type: 3}
      propertyPath: m_LocalEulerAnglesHint.z
      value: 0
      objectReference: {fileID: 0}
    - target: {fileID: 311174633594086368, guid: d7734052288a25944bc2efb47075183c,
        type: 3}
      propertyPath: playerCapital
      value: 15000
      objectReference: {fileID: 0}
    - target: {fileID: 311174633594086368, guid: d7734052288a25944bc2efb47075183c,
        type: 3}
      propertyPath: leftControllerEvents
      value: 
      objectReference: {fileID: 8102357323372664151}
    - target: {fileID: 311174633594086368, guid: d7734052288a25944bc2efb47075183c,
        type: 3}
      propertyPath: rightControllerEvents
      value: 
      objectReference: {fileID: 8102357324122209812}
    - target: {fileID: 311174633594086368, guid: d7734052288a25944bc2efb47075183c,
        type: 3}
      propertyPath: leftHand
      value: 
      objectReference: {fileID: 3693324776556180947}
    - target: {fileID: 311174633594086368, guid: d7734052288a25944bc2efb47075183c,
        type: 3}
      propertyPath: rightHand
      value: 
      objectReference: {fileID: 3693324776556180959}
    m_RemovedComponents: []
  m_SourcePrefab: {fileID: 100100000, guid: d7734052288a25944bc2efb47075183c, type: 3}
--- !u!4 &5893030628658664108 stripped
Transform:
  m_CorrespondingSourceObject: {fileID: 311174633594086369, guid: d7734052288a25944bc2efb47075183c,
    type: 3}
  m_PrefabInstance: {fileID: 6168176172565705037}
  m_PrefabAsset: {fileID: 0}
--- !u!1001 &6336984864871944679
PrefabInstance:
  m_ObjectHideFlags: 0
  serializedVersion: 2
  m_Modification:
    m_TransformParent: {fileID: 3693324775265766192}
    m_Modifications:
    - target: {fileID: 8604197285207032013, guid: ac583ed80d91b284dacf3fb889c8ff2f,
        type: 3}
      propertyPath: m_Name
      value: WorldMovementControlls
      objectReference: {fileID: 0}
    - target: {fileID: 8604197285207032015, guid: ac583ed80d91b284dacf3fb889c8ff2f,
        type: 3}
      propertyPath: m_LocalPosition.x
      value: 0
      objectReference: {fileID: 0}
    - target: {fileID: 8604197285207032015, guid: ac583ed80d91b284dacf3fb889c8ff2f,
        type: 3}
      propertyPath: m_LocalPosition.y
      value: 0
      objectReference: {fileID: 0}
    - target: {fileID: 8604197285207032015, guid: ac583ed80d91b284dacf3fb889c8ff2f,
        type: 3}
      propertyPath: m_LocalPosition.z
      value: 0
      objectReference: {fileID: 0}
    - target: {fileID: 8604197285207032015, guid: ac583ed80d91b284dacf3fb889c8ff2f,
        type: 3}
      propertyPath: m_LocalRotation.x
      value: 0
      objectReference: {fileID: 0}
    - target: {fileID: 8604197285207032015, guid: ac583ed80d91b284dacf3fb889c8ff2f,
        type: 3}
      propertyPath: m_LocalRotation.y
      value: 0
      objectReference: {fileID: 0}
    - target: {fileID: 8604197285207032015, guid: ac583ed80d91b284dacf3fb889c8ff2f,
        type: 3}
      propertyPath: m_LocalRotation.z
      value: 0
      objectReference: {fileID: 0}
    - target: {fileID: 8604197285207032015, guid: ac583ed80d91b284dacf3fb889c8ff2f,
        type: 3}
      propertyPath: m_LocalRotation.w
      value: 1
      objectReference: {fileID: 0}
    - target: {fileID: 8604197285207032015, guid: ac583ed80d91b284dacf3fb889c8ff2f,
        type: 3}
      propertyPath: m_RootOrder
      value: 2
      objectReference: {fileID: 0}
    - target: {fileID: 8604197285207032015, guid: ac583ed80d91b284dacf3fb889c8ff2f,
        type: 3}
      propertyPath: m_LocalEulerAnglesHint.x
      value: 0
      objectReference: {fileID: 0}
    - target: {fileID: 8604197285207032015, guid: ac583ed80d91b284dacf3fb889c8ff2f,
        type: 3}
      propertyPath: m_LocalEulerAnglesHint.y
      value: 0
      objectReference: {fileID: 0}
    - target: {fileID: 8604197285207032015, guid: ac583ed80d91b284dacf3fb889c8ff2f,
        type: 3}
      propertyPath: m_LocalEulerAnglesHint.z
      value: 0
      objectReference: {fileID: 0}
    - target: {fileID: 8604197285207032014, guid: ac583ed80d91b284dacf3fb889c8ff2f,
        type: 3}
      propertyPath: rotationActivationButton
      value: 0
      objectReference: {fileID: 0}
    m_RemovedComponents: []
  m_SourcePrefab: {fileID: 100100000, guid: ac583ed80d91b284dacf3fb889c8ff2f, type: 3}
--- !u!4 &2348981183517118760 stripped
Transform:
  m_CorrespondingSourceObject: {fileID: 8604197285207032015, guid: ac583ed80d91b284dacf3fb889c8ff2f,
    type: 3}
  m_PrefabInstance: {fileID: 6336984864871944679}
  m_PrefabAsset: {fileID: 0}
