%YAML 1.1
%TAG !u! tag:unity3d.com,2011:
--- !u!1 &4180483740570812580
GameObject:
  m_ObjectHideFlags: 0
  m_CorrespondingSourceObject: {fileID: 0}
  m_PrefabInstance: {fileID: 0}
  m_PrefabAsset: {fileID: 0}
  serializedVersion: 6
  m_Component:
  - component: {fileID: 1699594799855492800}
  m_Layer: 0
  m_Name: TrunAround
  m_TagString: Untagged
  m_Icon: {fileID: 0}
  m_NavMeshLayer: 0
  m_StaticEditorFlags: 0
  m_IsActive: 1
--- !u!4 &1699594799855492800
Transform:
  m_ObjectHideFlags: 0
  m_CorrespondingSourceObject: {fileID: 0}
  m_PrefabInstance: {fileID: 0}
  m_PrefabAsset: {fileID: 0}
  m_GameObject: {fileID: 4180483740570812580}
  m_LocalRotation: {x: 0, y: 0, z: 0, w: 1}
  m_LocalPosition: {x: 0, y: 0, z: 0}
  m_LocalScale: {x: 1, y: 1, z: 1}
  m_Children:
  - {fileID: 5144765381512520926}
  - {fileID: 4393572944182569737}
  m_Father: {fileID: 5890564631567311703}
  m_RootOrder: 1
  m_LocalEulerAnglesHint: {x: 0, y: 0, z: 0}
--- !u!1 &5890564632785472758
GameObject:
  m_ObjectHideFlags: 0
  m_CorrespondingSourceObject: {fileID: 0}
  m_PrefabInstance: {fileID: 0}
  m_PrefabAsset: {fileID: 0}
  serializedVersion: 6
  m_Component:
  - component: {fileID: 5890564632785472759}
  m_Layer: 0
  m_Name: Start&Goal
  m_TagString: Untagged
  m_Icon: {fileID: 0}
  m_NavMeshLayer: 0
  m_StaticEditorFlags: 4294967295
  m_IsActive: 1
--- !u!4 &5890564632785472759
Transform:
  m_ObjectHideFlags: 0
  m_CorrespondingSourceObject: {fileID: 0}
  m_PrefabInstance: {fileID: 0}
  m_PrefabAsset: {fileID: 0}
  m_GameObject: {fileID: 5890564632785472758}
  m_LocalRotation: {x: 0, y: 0, z: 0, w: 1}
  m_LocalPosition: {x: 0, y: 0, z: 0}
  m_LocalScale: {x: 1, y: 1, z: 1}
  m_Children:
  - {fileID: 5890564631567311703}
  - {fileID: 5890564631281854845}
  - {fileID: 7066835824559608996}
  m_Father: {fileID: 0}
  m_RootOrder: 0
  m_LocalEulerAnglesHint: {x: 0, y: 0, z: 0}
--- !u!114 &9101480339746351662
MonoBehaviour:
  m_ObjectHideFlags: 0
  m_CorrespondingSourceObject: {fileID: 0}
  m_PrefabInstance: {fileID: 0}
  m_PrefabAsset: {fileID: 0}
  m_GameObject: {fileID: 7066835824559608999}
  m_Enabled: 1
  m_EditorHideFlags: 0
  m_Script: {fileID: 11500000, guid: 5202bf46fc427be448a80912e41ba0b8, type: 3}
  m_Name: 
  m_EditorClassIdentifier: 
  leftController: {fileID: 0}
  rightController: {fileID: 0}
  startLever: {fileID: 2150666086029456173}
--- !u!1 &8648698146553128972
GameObject:
  m_ObjectHideFlags: 0
  m_CorrespondingSourceObject: {fileID: 0}
  m_PrefabInstance: {fileID: 0}
  m_PrefabAsset: {fileID: 0}
  serializedVersion: 6
  m_Component:
  - component: {fileID: 4393572944182569737}
  m_Layer: 0
  m_Name: Symbol
  m_TagString: Untagged
  m_Icon: {fileID: 0}
  m_NavMeshLayer: 0
  m_StaticEditorFlags: 0
  m_IsActive: 1
--- !u!4 &4393572944182569737
Transform:
  m_ObjectHideFlags: 0
  m_CorrespondingSourceObject: {fileID: 0}
  m_PrefabInstance: {fileID: 0}
  m_PrefabAsset: {fileID: 0}
  m_GameObject: {fileID: 8648698146553128972}
  m_LocalRotation: {x: 0, y: 0, z: 0, w: 1}
  m_LocalPosition: {x: 0, y: 0, z: 0}
  m_LocalScale: {x: 1, y: 1, z: 1}
  m_Children:
  - {fileID: 409427700454487504}
  m_Father: {fileID: 1699594799855492800}
  m_RootOrder: 1
  m_LocalEulerAnglesHint: {x: 0, y: 0, z: 0}
--- !u!1 &8684926659365481333
GameObject:
  m_ObjectHideFlags: 0
  m_CorrespondingSourceObject: {fileID: 0}
  m_PrefabInstance: {fileID: 0}
  m_PrefabAsset: {fileID: 0}
  serializedVersion: 6
  m_Component:
  - component: {fileID: 5144765381512520926}
  m_Layer: 0
  m_Name: Text
  m_TagString: Untagged
  m_Icon: {fileID: 0}
  m_NavMeshLayer: 0
  m_StaticEditorFlags: 0
  m_IsActive: 1
--- !u!4 &5144765381512520926
Transform:
  m_ObjectHideFlags: 0
  m_CorrespondingSourceObject: {fileID: 0}
  m_PrefabInstance: {fileID: 0}
  m_PrefabAsset: {fileID: 0}
  m_GameObject: {fileID: 8684926659365481333}
  m_LocalRotation: {x: 0, y: 0, z: 0, w: 1}
  m_LocalPosition: {x: 0, y: 0, z: 0}
  m_LocalScale: {x: 1, y: 1, z: 1}
  m_Children: []
  m_Father: {fileID: 1699594799855492800}
  m_RootOrder: 0
  m_LocalEulerAnglesHint: {x: 0, y: 0, z: 0}
--- !u!1001 &121440609775478386
PrefabInstance:
  m_ObjectHideFlags: 0
  serializedVersion: 2
  m_Modification:
    m_TransformParent: {fileID: 5890564632785472759}
    m_Modifications:
    - target: {fileID: 5769125166968887557, guid: 3f16381506c66244fb1baaefc88f6f10,
        type: 3}
      propertyPath: m_Name
      value: Start
      objectReference: {fileID: 0}
    - target: {fileID: 698442710106020999, guid: 3f16381506c66244fb1baaefc88f6f10,
        type: 3}
      propertyPath: m_Enabled
      value: 1
      objectReference: {fileID: 0}
    - target: {fileID: 1256905859540372010, guid: 3f16381506c66244fb1baaefc88f6f10,
        type: 3}
      propertyPath: m_Enabled
      value: 1
      objectReference: {fileID: 0}
    - target: {fileID: 4711330678757235382, guid: 3f16381506c66244fb1baaefc88f6f10,
        type: 3}
      propertyPath: m_Enabled
      value: 1
      objectReference: {fileID: 0}
    - target: {fileID: 6579065533474591386, guid: 3f16381506c66244fb1baaefc88f6f10,
        type: 3}
      propertyPath: m_Enabled
      value: 1
      objectReference: {fileID: 0}
    - target: {fileID: 8785515702069550874, guid: 3f16381506c66244fb1baaefc88f6f10,
        type: 3}
      propertyPath: m_Enabled
      value: 1
      objectReference: {fileID: 0}
    - target: {fileID: 5468799745936872671, guid: 3f16381506c66244fb1baaefc88f6f10,
        type: 3}
      propertyPath: startLever
      value: 
      objectReference: {fileID: 2150666086029456173}
    - target: {fileID: 5769125166969111845, guid: 3f16381506c66244fb1baaefc88f6f10,
        type: 3}
      propertyPath: m_LocalPosition.x
      value: -0
      objectReference: {fileID: 0}
    - target: {fileID: 5769125166969111845, guid: 3f16381506c66244fb1baaefc88f6f10,
        type: 3}
      propertyPath: m_LocalPosition.y
      value: 70.5
      objectReference: {fileID: 0}
    - target: {fileID: 5769125166969111845, guid: 3f16381506c66244fb1baaefc88f6f10,
        type: 3}
      propertyPath: m_LocalPosition.z
      value: -145.77
      objectReference: {fileID: 0}
    - target: {fileID: 5769125166969111845, guid: 3f16381506c66244fb1baaefc88f6f10,
        type: 3}
      propertyPath: m_LocalRotation.x
      value: -0
      objectReference: {fileID: 0}
    - target: {fileID: 5769125166969111845, guid: 3f16381506c66244fb1baaefc88f6f10,
        type: 3}
      propertyPath: m_LocalRotation.y
      value: 0.7071068
      objectReference: {fileID: 0}
    - target: {fileID: 5769125166969111845, guid: 3f16381506c66244fb1baaefc88f6f10,
        type: 3}
      propertyPath: m_LocalRotation.z
      value: -0
      objectReference: {fileID: 0}
    - target: {fileID: 5769125166969111845, guid: 3f16381506c66244fb1baaefc88f6f10,
        type: 3}
      propertyPath: m_LocalRotation.w
      value: 0.7071068
      objectReference: {fileID: 0}
    - target: {fileID: 5769125166969111845, guid: 3f16381506c66244fb1baaefc88f6f10,
        type: 3}
      propertyPath: m_RootOrder
      value: 0
      objectReference: {fileID: 0}
    - target: {fileID: 5769125166969111845, guid: 3f16381506c66244fb1baaefc88f6f10,
        type: 3}
      propertyPath: m_LocalEulerAnglesHint.x
      value: 0
      objectReference: {fileID: 0}
    - target: {fileID: 5769125166969111845, guid: 3f16381506c66244fb1baaefc88f6f10,
        type: 3}
      propertyPath: m_LocalEulerAnglesHint.y
      value: 90
      objectReference: {fileID: 0}
    - target: {fileID: 5769125166969111845, guid: 3f16381506c66244fb1baaefc88f6f10,
        type: 3}
      propertyPath: m_LocalEulerAnglesHint.z
      value: 0
      objectReference: {fileID: 0}
    - target: {fileID: 5444133096546293327, guid: 3f16381506c66244fb1baaefc88f6f10,
        type: 3}
      propertyPath: m_Enabled
      value: 0
      objectReference: {fileID: 0}
    - target: {fileID: 5428911645134305007, guid: 3f16381506c66244fb1baaefc88f6f10,
        type: 3}
      propertyPath: startLever
      value: 
      objectReference: {fileID: 2150666086029456173}
    m_RemovedComponents: []
  m_SourcePrefab: {fileID: 100100000, guid: 3f16381506c66244fb1baaefc88f6f10, type: 3}
--- !u!4 &5890564631567311703 stripped
Transform:
  m_CorrespondingSourceObject: {fileID: 5769125166969111845, guid: 3f16381506c66244fb1baaefc88f6f10,
    type: 3}
  m_PrefabInstance: {fileID: 121440609775478386}
  m_PrefabAsset: {fileID: 0}
--- !u!114 &7713531028029764453 stripped
MonoBehaviour:
  m_CorrespondingSourceObject: {fileID: 7684414255924483351, guid: 3f16381506c66244fb1baaefc88f6f10,
    type: 3}
  m_PrefabInstance: {fileID: 121440609775478386}
  m_PrefabAsset: {fileID: 0}
  m_GameObject: {fileID: 0}
  m_Enabled: 1
  m_EditorHideFlags: 0
  m_Script: {fileID: 11500000, guid: 69931a9d774664c4b9bac3add4477f09, type: 3}
  m_Name: 
  m_EditorClassIdentifier: 
--- !u!1 &4185560124270132273 stripped
GameObject:
  m_CorrespondingSourceObject: {fileID: 4303586739698555459, guid: 3f16381506c66244fb1baaefc88f6f10,
    type: 3}
  m_PrefabInstance: {fileID: 121440609775478386}
  m_PrefabAsset: {fileID: 0}
--- !u!1 &4684189674092818167 stripped
GameObject:
  m_CorrespondingSourceObject: {fileID: 4660913522780375173, guid: 3f16381506c66244fb1baaefc88f6f10,
    type: 3}
  m_PrefabInstance: {fileID: 121440609775478386}
  m_PrefabAsset: {fileID: 0}
--- !u!4 &4331324547403734698 stripped
Transform:
  m_CorrespondingSourceObject: {fileID: 4446325162187733208, guid: 3f16381506c66244fb1baaefc88f6f10,
    type: 3}
  m_PrefabInstance: {fileID: 121440609775478386}
  m_PrefabAsset: {fileID: 0}
--- !u!1 &92603135573413624 stripped
GameObject:
  m_CorrespondingSourceObject: {fileID: 65178606880008330, guid: 3f16381506c66244fb1baaefc88f6f10,
    type: 3}
  m_PrefabInstance: {fileID: 121440609775478386}
  m_PrefabAsset: {fileID: 0}
--- !u!4 &3870701945356772129 stripped
Transform:
  m_CorrespondingSourceObject: {fileID: 3753767323297514835, guid: 3f16381506c66244fb1baaefc88f6f10,
    type: 3}
  m_PrefabInstance: {fileID: 121440609775478386}
  m_PrefabAsset: {fileID: 0}
--- !u!4 &2044665892229938605 stripped
Transform:
  m_CorrespondingSourceObject: {fileID: 2148055793080048607, guid: 3f16381506c66244fb1baaefc88f6f10,
    type: 3}
  m_PrefabInstance: {fileID: 121440609775478386}
  m_PrefabAsset: {fileID: 0}
--- !u!1001 &409427700454616912
PrefabInstance:
  m_ObjectHideFlags: 0
  serializedVersion: 2
  m_Modification:
    m_TransformParent: {fileID: 4393572944182569737}
    m_Modifications:
    - target: {fileID: 100000, guid: f02ce9739ac7a774b8e458d9afa61e4a, type: 3}
      propertyPath: m_Name
      value: SI_CircleArrowIcon
      objectReference: {fileID: 0}
    - target: {fileID: 400000, guid: f02ce9739ac7a774b8e458d9afa61e4a, type: 3}
      propertyPath: m_LocalPosition.x
      value: -0
      objectReference: {fileID: 0}
    - target: {fileID: 400000, guid: f02ce9739ac7a774b8e458d9afa61e4a, type: 3}
      propertyPath: m_LocalPosition.y
      value: 0
      objectReference: {fileID: 0}
    - target: {fileID: 400000, guid: f02ce9739ac7a774b8e458d9afa61e4a, type: 3}
      propertyPath: m_LocalPosition.z
      value: 0
      objectReference: {fileID: 0}
    - target: {fileID: 400000, guid: f02ce9739ac7a774b8e458d9afa61e4a, type: 3}
      propertyPath: m_LocalRotation.x
      value: 0
      objectReference: {fileID: 0}
    - target: {fileID: 400000, guid: f02ce9739ac7a774b8e458d9afa61e4a, type: 3}
      propertyPath: m_LocalRotation.y
      value: 0.7071068
      objectReference: {fileID: 0}
    - target: {fileID: 400000, guid: f02ce9739ac7a774b8e458d9afa61e4a, type: 3}
      propertyPath: m_LocalRotation.z
      value: 0
      objectReference: {fileID: 0}
    - target: {fileID: 400000, guid: f02ce9739ac7a774b8e458d9afa61e4a, type: 3}
      propertyPath: m_LocalRotation.w
      value: 0.7071068
      objectReference: {fileID: 0}
    - target: {fileID: 400000, guid: f02ce9739ac7a774b8e458d9afa61e4a, type: 3}
      propertyPath: m_RootOrder
      value: 0
      objectReference: {fileID: 0}
    - target: {fileID: 400000, guid: f02ce9739ac7a774b8e458d9afa61e4a, type: 3}
      propertyPath: m_LocalEulerAnglesHint.x
      value: 0
      objectReference: {fileID: 0}
    - target: {fileID: 400000, guid: f02ce9739ac7a774b8e458d9afa61e4a, type: 3}
      propertyPath: m_LocalEulerAnglesHint.y
      value: 90
      objectReference: {fileID: 0}
    - target: {fileID: 400000, guid: f02ce9739ac7a774b8e458d9afa61e4a, type: 3}
      propertyPath: m_LocalEulerAnglesHint.z
      value: 0
      objectReference: {fileID: 0}
    - target: {fileID: 2300000, guid: f02ce9739ac7a774b8e458d9afa61e4a, type: 3}
      propertyPath: m_Materials.Array.data[0]
      value: 
      objectReference: {fileID: 2100000, guid: b97a5ff2e9a8b4c4889984404b6c60a4, type: 2}
    m_RemovedComponents: []
  m_SourcePrefab: {fileID: 100100000, guid: f02ce9739ac7a774b8e458d9afa61e4a, type: 3}
--- !u!4 &409427700454487504 stripped
Transform:
  m_CorrespondingSourceObject: {fileID: 400000, guid: f02ce9739ac7a774b8e458d9afa61e4a,
    type: 3}
  m_PrefabInstance: {fileID: 409427700454616912}
  m_PrefabAsset: {fileID: 0}
--- !u!1001 &3566562636578387960
PrefabInstance:
  m_ObjectHideFlags: 0
  serializedVersion: 2
  m_Modification:
    m_TransformParent: {fileID: 5890564632785472759}
    m_Modifications:
    - target: {fileID: 6971999387067089573, guid: 6a900b31179d50c4eaf8a4e15c78989a,
        type: 3}
      propertyPath: m_Name
      value: Goal
      objectReference: {fileID: 0}
    - target: {fileID: 6971999387067089573, guid: 6a900b31179d50c4eaf8a4e15c78989a,
        type: 3}
      propertyPath: m_StaticEditorFlags
      value: 4294967295
      objectReference: {fileID: 0}
    - target: {fileID: 6971999387067588229, guid: 6a900b31179d50c4eaf8a4e15c78989a,
        type: 3}
      propertyPath: m_LocalPosition.x
      value: 0
      objectReference: {fileID: 0}
    - target: {fileID: 6971999387067588229, guid: 6a900b31179d50c4eaf8a4e15c78989a,
        type: 3}
      propertyPath: m_LocalPosition.y
      value: 0
      objectReference: {fileID: 0}
    - target: {fileID: 6971999387067588229, guid: 6a900b31179d50c4eaf8a4e15c78989a,
        type: 3}
      propertyPath: m_LocalPosition.z
      value: 120
      objectReference: {fileID: 0}
    - target: {fileID: 6971999387067588229, guid: 6a900b31179d50c4eaf8a4e15c78989a,
        type: 3}
      propertyPath: m_LocalRotation.x
      value: -0
      objectReference: {fileID: 0}
    - target: {fileID: 6971999387067588229, guid: 6a900b31179d50c4eaf8a4e15c78989a,
        type: 3}
      propertyPath: m_LocalRotation.y
      value: -0
      objectReference: {fileID: 0}
    - target: {fileID: 6971999387067588229, guid: 6a900b31179d50c4eaf8a4e15c78989a,
        type: 3}
      propertyPath: m_LocalRotation.z
      value: -0
      objectReference: {fileID: 0}
    - target: {fileID: 6971999387067588229, guid: 6a900b31179d50c4eaf8a4e15c78989a,
        type: 3}
      propertyPath: m_LocalRotation.w
      value: 1
      objectReference: {fileID: 0}
    - target: {fileID: 6971999387067588229, guid: 6a900b31179d50c4eaf8a4e15c78989a,
        type: 3}
      propertyPath: m_RootOrder
      value: 1
      objectReference: {fileID: 0}
    - target: {fileID: 6971999387067588229, guid: 6a900b31179d50c4eaf8a4e15c78989a,
        type: 3}
      propertyPath: m_LocalEulerAnglesHint.x
      value: 0
      objectReference: {fileID: 0}
    - target: {fileID: 6971999387067588229, guid: 6a900b31179d50c4eaf8a4e15c78989a,
        type: 3}
      propertyPath: m_LocalEulerAnglesHint.y
      value: 0
      objectReference: {fileID: 0}
    - target: {fileID: 6971999387067588229, guid: 6a900b31179d50c4eaf8a4e15c78989a,
        type: 3}
      propertyPath: m_LocalEulerAnglesHint.z
      value: 0
      objectReference: {fileID: 0}
    - target: {fileID: 4838836774522297337, guid: 6a900b31179d50c4eaf8a4e15c78989a,
        type: 3}
      propertyPath: nameOfLevelToUnlock
      value: 2
      objectReference: {fileID: 0}
    - target: {fileID: 4838836774522297337, guid: 6a900b31179d50c4eaf8a4e15c78989a,
        type: 3}
      propertyPath: startLever
      value: 
      objectReference: {fileID: 2150666086029456173}
    - target: {fileID: 4838836774522297337, guid: 6a900b31179d50c4eaf8a4e15c78989a,
        type: 3}
      propertyPath: countdownTime
      value: 0
      objectReference: {fileID: 0}
    m_RemovedComponents: []
  m_SourcePrefab: {fileID: 100100000, guid: 6a900b31179d50c4eaf8a4e15c78989a, type: 3}
--- !u!4 &5890564631281854845 stripped
Transform:
  m_CorrespondingSourceObject: {fileID: 6971999387067588229, guid: 6a900b31179d50c4eaf8a4e15c78989a,
    type: 3}
  m_PrefabInstance: {fileID: 3566562636578387960}
  m_PrefabAsset: {fileID: 0}
--- !u!1001 &5890564632837940161
PrefabInstance:
  m_ObjectHideFlags: 0
  serializedVersion: 2
  m_Modification:
    m_TransformParent: {fileID: 5890564632785472759}
    m_Modifications:
    - target: {fileID: 3723646688920450918, guid: 4d2d2013bc8a1d94b8d18de94374171a,
        type: 3}
      propertyPath: m_Name
      value: StartLever
      objectReference: {fileID: 0}
    - target: {fileID: 5505595826217095404, guid: 4d2d2013bc8a1d94b8d18de94374171a,
        type: 3}
      propertyPath: countdown
      value: 
      objectReference: {fileID: 7713531028029764453}
    - target: {fileID: 3723646688920450917, guid: 4d2d2013bc8a1d94b8d18de94374171a,
        type: 3}
      propertyPath: m_LocalPosition.x
      value: 20
      objectReference: {fileID: 0}
    - target: {fileID: 3723646688920450917, guid: 4d2d2013bc8a1d94b8d18de94374171a,
        type: 3}
      propertyPath: m_LocalPosition.y
      value: 0
      objectReference: {fileID: 0}
    - target: {fileID: 3723646688920450917, guid: 4d2d2013bc8a1d94b8d18de94374171a,
        type: 3}
      propertyPath: m_LocalPosition.z
      value: 120
      objectReference: {fileID: 0}
    - target: {fileID: 3723646688920450917, guid: 4d2d2013bc8a1d94b8d18de94374171a,
        type: 3}
      propertyPath: m_LocalRotation.x
      value: 0
      objectReference: {fileID: 0}
    - target: {fileID: 3723646688920450917, guid: 4d2d2013bc8a1d94b8d18de94374171a,
        type: 3}
      propertyPath: m_LocalRotation.y
      value: 0.7071068
      objectReference: {fileID: 0}
    - target: {fileID: 3723646688920450917, guid: 4d2d2013bc8a1d94b8d18de94374171a,
        type: 3}
      propertyPath: m_LocalRotation.z
      value: 0
      objectReference: {fileID: 0}
    - target: {fileID: 3723646688920450917, guid: 4d2d2013bc8a1d94b8d18de94374171a,
        type: 3}
      propertyPath: m_LocalRotation.w
      value: 0.7071068
      objectReference: {fileID: 0}
    - target: {fileID: 3723646688920450917, guid: 4d2d2013bc8a1d94b8d18de94374171a,
        type: 3}
      propertyPath: m_RootOrder
      value: 2
      objectReference: {fileID: 0}
    - target: {fileID: 3723646688920450917, guid: 4d2d2013bc8a1d94b8d18de94374171a,
        type: 3}
      propertyPath: m_LocalEulerAnglesHint.x
      value: 0
      objectReference: {fileID: 0}
    - target: {fileID: 3723646688920450917, guid: 4d2d2013bc8a1d94b8d18de94374171a,
        type: 3}
      propertyPath: m_LocalEulerAnglesHint.y
      value: 90
      objectReference: {fileID: 0}
    - target: {fileID: 3723646688920450917, guid: 4d2d2013bc8a1d94b8d18de94374171a,
        type: 3}
      propertyPath: m_LocalEulerAnglesHint.z
      value: 0
      objectReference: {fileID: 0}
    - target: {fileID: 2142110195141356998, guid: 4d2d2013bc8a1d94b8d18de94374171a,
        type: 3}
      propertyPath: playerStartPosition
      value: 
      objectReference: {fileID: 2044665892229938605}
    - target: {fileID: 2142110195141356998, guid: 4d2d2013bc8a1d94b8d18de94374171a,
        type: 3}
      propertyPath: playerObject
      value: 
      objectReference: {fileID: 4185560124270132273}
    - target: {fileID: 2142110195141356998, guid: 4d2d2013bc8a1d94b8d18de94374171a,
        type: 3}
      propertyPath: VRSlideBody
      value: 
      objectReference: {fileID: 92603135573413624}
    - target: {fileID: 2142110195141356998, guid: 4d2d2013bc8a1d94b8d18de94374171a,
        type: 3}
      propertyPath: playerBody
      value: 
      objectReference: {fileID: 4684189674092818167}
    - target: {fileID: 2142110195141356998, guid: 4d2d2013bc8a1d94b8d18de94374171a,
        type: 3}
      propertyPath: cameraPositionAtStart
      value: 
      objectReference: {fileID: 4331324547403734698}
    - target: {fileID: 2142110195141356998, guid: 4d2d2013bc8a1d94b8d18de94374171a,
        type: 3}
      propertyPath: playerSpawn
      value: 
      objectReference: {fileID: 2044665892229938605}
    - target: {fileID: 2142110195141356998, guid: 4d2d2013bc8a1d94b8d18de94374171a,
        type: 3}
      propertyPath: SteamVRAtStart
      value: 
      objectReference: {fileID: 3870701945356772129}
    m_RemovedComponents: []
  m_SourcePrefab: {fileID: 100100000, guid: 4d2d2013bc8a1d94b8d18de94374171a, type: 3}
--- !u!1 &7066835824559608999 stripped
GameObject:
  m_CorrespondingSourceObject: {fileID: 3723646688920450918, guid: 4d2d2013bc8a1d94b8d18de94374171a,
    type: 3}
  m_PrefabInstance: {fileID: 5890564632837940161}
  m_PrefabAsset: {fileID: 0}
--- !u!4 &7066835824559608996 stripped
Transform:
  m_CorrespondingSourceObject: {fileID: 3723646688920450917, guid: 4d2d2013bc8a1d94b8d18de94374171a,
    type: 3}
  m_PrefabInstance: {fileID: 5890564632837940161}
  m_PrefabAsset: {fileID: 0}
--- !u!114 &2150666086029456173 stripped
MonoBehaviour:
  m_CorrespondingSourceObject: {fileID: 5505595826217095404, guid: 4d2d2013bc8a1d94b8d18de94374171a,
    type: 3}
  m_PrefabInstance: {fileID: 5890564632837940161}
  m_PrefabAsset: {fileID: 0}
  m_GameObject: {fileID: 7066835824559608999}
  m_Enabled: 1
  m_EditorHideFlags: 0
  m_Script: {fileID: 11500000, guid: 5ded769f9e544cc41b6e2da033fed78f, type: 3}
  m_Name: 
  m_EditorClassIdentifier: 
